<record><leader>00000cas a2200000 a 4500</leader><controlfield tag="001">36863760</controlfield><controlfield tag="008">970507c19909999fluwr ne      0    0eng c</controlfield><datafield ind1=" " ind2=" " tag="010"><subfield code="a">sn 97027774 </subfield></datafield><datafield ind1=" " ind2=" " tag="040"><subfield code="a">FUG</subfield><subfield code="b">eng</subfield><subfield code="c">FUG</subfield><subfield code="d">OCLCQ</subfield><subfield code="d">OCLCF</subfield><subfield code="d">OCLCO</subfield></datafield><datafield ind1="1" ind2=" " tag="029"><subfield code="a">AU@</subfield><subfield code="b">000013250341</subfield></datafield><datafield ind1=" " ind2=" " tag="037"><subfield code="b">PO Box 549, Captiva, FL 33924</subfield></datafield><datafield ind1=" " ind2=" " tag="042"><subfield code="a">pcc</subfield></datafield><datafield ind1=" " ind2=" " tag="043"><subfield code="a">n-us-fl</subfield></datafield><datafield ind1="0" ind2="0" tag="245"><subfield code="a">Captiva current.</subfield></datafield><datafield ind1=" " ind2=" " tag="260"><subfield code="a">Captiva, Fla. :</subfield><subfield code="b">Captiva Current,</subfield><subfield code="c">1990-</subfield></datafield><datafield ind1=" " ind2=" " tag="300"><subfield code="a">v. :</subfield><subfield code="b">ill. (some col.) ;</subfield><subfield code="c">44 cm.</subfield></datafield><datafield ind1=" " ind2=" " tag="310"><subfield code="a">Weekly</subfield></datafield><datafield ind1="0" ind2=" " tag="362"><subfield code="a">Vol. 1, no. 1 (Aug. 24, 1990)-</subfield></datafield><datafield ind1=" " ind2=" " tag="500"><subfield code="a">"Serving Captiva and the Upper Islands."</subfield></datafield><datafield ind1=" " ind2=" " tag="500"><subfield code="a">Editor: Ron Sympson, 1990- ; Sara Hendricks, &lt;1993&gt;; Michelle Moran, &lt;1997&gt;.</subfield></datafield><datafield ind1=" " ind2=" " tag="588"><subfield code="a">Latest issue consulted: Vol. 8, no. 17 (Apr. 25, 1997).</subfield></datafield><datafield ind1=" " ind2="0" tag="651"><subfield code="a">Captiva (Fla.)</subfield><subfield code="v">Newspapers.</subfield></datafield><datafield ind1=" " ind2="0" tag="651"><subfield code="a">Lee County (Fla.)</subfield><subfield code="v">Newspapers.</subfield></datafield><datafield ind1=" " ind2="7" tag="655"><subfield code="a">Newspapers.</subfield><subfield code="2">fast</subfield><subfield code="0">(OCoLC)fst01423814</subfield></datafield><datafield ind1=" " ind2="7" tag="651"><subfield code="a">Florida</subfield><subfield code="z">Captiva.</subfield><subfield code="2">fast</subfield><subfield code="0">(OCoLC)fst01288426</subfield></datafield><datafield ind1=" " ind2="7" tag="651"><subfield code="a">Florida</subfield><subfield code="z">Lee County.</subfield><subfield code="2">fast</subfield><subfield code="0">(OCoLC)fst01202773</subfield></datafield><datafield ind1=" " ind2=" " tag="752"><subfield code="a">United States</subfield><subfield code="b">Florida</subfield><subfield code="c">Lee</subfield><subfield code="d">Captiva.</subfield></datafield></record>